@article{DBLP:journals/corr/Kumar17a,
	author    = {Shantanu Kumar},
	title     = {A Survey of Deep Learning Methods for Relation Extraction},
	journal   = {CoRR},
	volume    = {abs/1705.03645},
	year      = {2017},
	url       = {http://arxiv.org/abs/1705.03645},
	archivePrefix = {arXiv},
	eprint    = {1705.03645},
	timestamp = {Wed, 07 Jun 2017 14:41:19 +0200},
	biburl    = {http://dblp.org/rec/bib/journals/corr/Kumar17a},
	bibsource = {dblp computer science bibliography, http://dblp.org}
}

@inproceedings{Mintz:2009:DSR:1690219.1690287,
	author = {Mintz, Mike and Bills, Steven and Snow, Rion and Jurafsky, Dan},
	title = {Distant Supervision for Relation Extraction Without Labeled Data},
	booktitle = {Proceedings of the Joint Conference of the 47th Annual Meeting of the ACL and the 4th International Joint Conference on Natural Language Processing of the AFNLP: Volume 2 - Volume 2},
	series = {ACL '09},
	year = {2009},
	isbn = {978-1-932432-46-6},
	location = {Suntec, Singapore},
	pages = {1003--1011},
	numpages = {9},
	url = {http://dl.acm.org/citation.cfm?id=1690219.1690287},
	acmid = {1690287},
	publisher = {Association for Computational Linguistics},
	address = {Stroudsburg, PA, USA},
} 

@inproceedings{Riedel2010,
	author="Riedel, Sebastian
	and Yao, Limin
	and McCallum, Andrew",
	editor="Balc{\'a}zar, Jos{\'e} Luis
	and Bonchi, Francesco
	and Gionis, Aristides
	and Sebag, Mich{\`e}le",
	title="Modeling Relations and Their Mentions without Labeled Text",
	bookTitle="Machine Learning and Knowledge Discovery in Databases: European Conference, ECML PKDD 2010, Barcelona, Spain, September 20-24, 2010, Proceedings, Part III",
	year="2010",
	publisher="Springer Berlin Heidelberg",
	address="Berlin, Heidelberg",
	pages="148--163",
	isbn="978-3-642-15939-8",
	doi="10.1007/978-3-642-15939-8_10",
	url="https://doi.org/10.1007/978-3-642-15939-8_10"
}

@article{article,
	author = {Zeng, D and Liu, K and Lai, S and Zhou, G and Zhao, J},
	year = {2014},
	month = {01},
	pages = {2335-2344},
	title = {Relation classification via convolutional deep neural network},
	booktitle = {the 25th International Conference on Computational Linguistics: Technical Papers}
}

@inproceedings{DBLP:conf/emnlp/ZengLC015,
	author    = {Daojian Zeng and
	Kang Liu and
	Yubo Chen and
	Jun Zhao},
	title     = {Distant Supervision for Relation Extraction via Piecewise Convolutional
	Neural Networks},
	booktitle = {Proceedings of the 2015 Conference on Empirical Methods in Natural
	Language Processing, {EMNLP} 2015, Lisbon, Portugal, September 17-21,
	2015},
	pages     = {1753--1762},
	year      = {2015},
	crossref  = {DBLP:conf/emnlp/2015},
	url       = {http://aclweb.org/anthology/D/D15/D15-1203.pdf},
	timestamp = {Tue, 14 Feb 2017 00:00:00 +0100},
	biburl    = {http://dblp.org/rec/bib/conf/emnlp/ZengLC015},
	bibsource = {dblp computer science bibliography, http://dblp.org}
}

@inbook{a27169dffe4642f78115676ce777c52c,
	title = "Relation extraction: Perspective from convolutional neural networks",
	author = "Nguyen, {Thien Huu} and Ralph Grishman",
	year = "2015",
	booktitle = "Workshop on Vector Space Modeling for NLP at NAACL 2015",
}

@inproceedings{DBLP:conf/acl/LinSLLS16,
	author    = {Yankai Lin and
	Shiqi Shen and
	Zhiyuan Liu and
	Huanbo Luan and
	Maosong Sun},
	title     = {Neural Relation Extraction with Selective Attention over Instances},
	booktitle = {Proceedings of the 54th Annual Meeting of the Association for Computational
	Linguistics, {ACL} 2016, August 7-12, 2016, Berlin, Germany, Volume
	1: Long Papers},
	year      = {2016},
	crossref  = {DBLP:conf/acl/2016-1},
	url       = {http://aclweb.org/anthology/P/P16/P16-1200.pdf},
	timestamp = {Mon, 15 Aug 2016 20:10:51 +0200},
	biburl    = {http://dblp.org/rec/bib/conf/acl/LinSLLS16},
	bibsource = {dblp computer science bibliography, http://dblp.org}
}

@inproceedings{Finkel:2005:INI:1219840.1219885,
	author = {Finkel, Jenny Rose and Grenager, Trond and Manning, Christopher},
	title = {Incorporating Non-local Information into Information Extraction Systems by Gibbs Sampling},
	booktitle = {Proceedings of the 43rd Annual Meeting on Association for Computational Linguistics},
	series = {ACL '05},
	year = {2005},
	location = {Ann Arbor, Michigan},
	pages = {363--370},
	numpages = {8},
	url = {https://doi.org/10.3115/1219840.1219885},
	doi = {10.3115/1219840.1219885},
	acmid = {1219885},
	publisher = {Association for Computational Linguistics},
	address = {Stroudsburg, PA, USA},
} 

